
@book{kane-98,
    author    = {{O'Kane}, B.},
    title     = {Starting a Business in Ireland},
    publisher = {Oak Tree Press},
    year      = {1998},
    note      = {{ISBN} 1860760910},
    url       = {},
  }

@book{ries-11,
    author    = {{Ries}, E.},
    title     = {The Lean Startup},
    publisher = {The Penguin Group},
    year      = {2011},
    note      = {{ISBN} 9780670921607},
    url       = {http://theleanstartup.com},
  }
  
  @book{bangs-90,
    author    = {{Bangs}, D.},
    title     = {The First 12 Months: A Complete Start-up Guide for Entrepreneurs},
    publisher = {Kogan Page Ltd},
    year      = {1990},
    note      = {{ISBN} 0749402628},
    url       = {},
  }